<?xml version="1.0" encoding="UTF-8"?><record xmlns="http://www.loc.gov/MARC21/slim" xmlns:cinclude="http://apache.org/cocoon/include/1.0" xmlns:zs="http://www.loc.gov/zing/srw/">
  <leader>00391nz  a2200133n  4500</leader>
  <controlfield tag="001">no2005110714</controlfield>
  <controlfield tag="003">DLC</controlfield>
  <controlfield tag="005">20051123052031.0</controlfield>
  <controlfield tag="008">051122n| acannaabn          |n aaa     c</controlfield>
  <datafield tag="010" ind1=" " ind2=" ">
    <subfield code="a">no2005110714</subfield>
  </datafield>
  <datafield tag="035" ind1=" " ind2=" ">
    <subfield code="a">(OCoLC)oca06788257</subfield>
  </datafield>
  <datafield tag="040" ind1=" " ind2=" ">
    <subfield code="a">IWhI</subfield>
    <subfield code="b">eng</subfield>
    <subfield code="c">IWhI</subfield>
  </datafield>
  <datafield tag="100" ind1="1" ind2=" ">
    <subfield code="a">Son, Sŏk-han,</subfield>
    <subfield code="d">1968-</subfield>
  </datafield>
  <datafield tag="670" ind1=" " ind2=" ">
    <subfield code="a">Ŏmma appa ŭi ching chan ki sul, 2004:</subfield>
    <subfield code="b">t.p. (Son Sŏk-han) front cover flap (b. 1968)</subfield>
  </datafield>
</record>